<?xml version="1.0" encoding="UTF-8"?><collection xmlns="http://www.loc.gov/MARC21/slim"><record><leader>00423nam--2200145-i-4500</leader><controlfield tag="001">000012437</controlfield><controlfield tag="002">20161230</controlfield><controlfield tag="005">20170306182003</controlfield><controlfield tag="008">060222s1000------------r-----000-0-eng-d</controlfield><datafield ind1=" " ind2=" " tag="245"><subfield code="a">Curs de initiere in sistemul ibm/360</subfield></datafield><datafield ind1=" " ind2=" " tag="260"><subfield code="a">Bucuresti</subfield><subfield code="b">Ministerul Muncii, Cepeca</subfield><subfield code="c">F.An</subfield></datafield><datafield ind1=" " ind2=" " tag="300"><subfield code="a">118 p</subfield></datafield><datafield ind1=" " ind2=" " tag="490"><subfield code="a">Elaborat De Education Development Ibm United Kingdom Limited</subfield></datafield><datafield ind1=" " ind2=" " tag="852"><subfield code="a">681.3.06</subfield></datafield><datafield ind1=" " ind2=" " tag="CAT"><subfield code="a">SYS</subfield><subfield code="c">20170306</subfield><subfield code="h">182003</subfield></datafield></record></collection>